# https://www.citacepro.com/slozka/2zzOwplC

@online{cdk8s-1,
  journal = {CDK8s documentation},
  title = {CDK8s documentation},
  year = {[2022]},
  urldate = {2025-02-16},
  url = {https://cdk8s.io/docs/latest/},
}

@thesis{tr-1,
  author = {Michael Howard},
  title = {Terraform — Automating Infrastructure As A Service},
  address = {Portland, USA},
  year = {2022},
  school = {Portland State University},
  type = {Research paper},
  urldate = {2025-02-16},
  url = {https://arxiv.org/abs/2205.10676},
}

@online{iac-3,
  journal = {Amazon Web Services},
  title = {What is Infrastructure as Code?},
  year = {[2025]},
  urldate = {2025-02-16},
  url = {https://aws.amazon.com/what-is/iac/},
}

@online{iac-2,
  author = {Vít Kotačka},
  journal = {Zdrojak.cz},
  title = {Infrastructure as Code, lehký úvod},
  year = {2020},
  urldate = {2025-02-16},
  url = {https://zdrojak.cz/clanky/infrastructure-as-code-lehky-uvod/},
}

@online{iac-1,
  author = {Josh Stella},
  journal = {O'REILLY RADAR},
  title = {An introduction to immutable infrastructure},
  year = {2015},
  urldate = {2025-02-16},
  url = {https://www.oreilly.com/radar/an-introduction-to-immutable-infrastructure/},
}

@article{k8s-5,
  author = {BRENDAN BURNS and BRIAN GRANT and DAVID OPPENHEIMER and ERIC BREWER and JOHN WILKES},
  journal = {COMMUNICATIONS OF THE ACM},
  title = {Borg, Omega, and Kubernetes},
  year = {2016},
  pages = {50-57},
  volume = {2016},
  number = {59},
  urldate = {2025-02-16},
  doi = {10.1145/2890784},
  url = {https://dl.acm.org/doi/10.1145/2890784},
}

@online{k8s-4,
  journal = {K0s documentation},
  title = {K0s documentation},
  year = {2021},
  urldate = {2025-02-16},
  url = {https://docs.k0sproject.io/stable/},
}

@online{k8s-3,
  journal = {Minikube documentation},
  title = {Minikube documentation},
  year = {2025},
  urldate = {2025-02-16},
  updated = {January 15, 2025},
  url = {https://minikube.sigs.k8s.io/docs/start/?arch=\%2Flinux\%2Fx86-64\%2Fstable\%2Fbinary+download},
}

@online{k8s-2,
  author = {Kevin Casey},
  journal = {The Enterprisers Project},
  title = {Kubernetes architecture for beginners},
  year = {2020},
  urldate = {2025-02-16},
  url = {https://enterprisersproject.com/article/2020/4/kubernetes-architecture-beginners},
}

@online{k8s-1,
  journal = {The Enterprisers Project},
  title = {Kubernetes: Everything you need to know},
  year = {2023},
  urldate = {2025-02-16},
  url = {https://enterprisersproject.com/article/2020/4/kubernetes-everything-you-need-know},
}

@online{lit-5,
  author = {Shyam Mohan},
  journal = {Blog Razorops},
  title = {Simplifying your Kubernetes infrastructure with cdk8s},
  year = {2018},
  urldate = {2025-02-16},
  url = {https://razorops.com/blog/simplifying-kubernetes-infrastructure-with-cdk8s},
}

@article{lit-4,
  author = {Akond Rahman and Rezvan Mahdavi-Hezaveh and Laurie Williams},
  journal = {Information and Software Technology},
  title = {A systematic mapping study of infrastructure as code research},
  year = {2019},
  pages = {65-77},
  volume = {2019},
  number = {108},
  urldate = {2025-02-16},
  doi = {10.1016/j.infsof.2018.12.004},
}

@article{lit-3,
  author = {Venkat Marella},
  journal = {International Journal of Scientific Research in Science, Engineering and Technology},
  title = {Optimizing DevOps Pipelines with Automation: Ansible and Terraform inAWS Environments},
  year = {2024},
  pages = {285-294},
  volume = {2024},
  number = {11},
  issn = {2394-4099},
  urldate = {2025-02-16},
  doi = {10.32628/IJSRSET2410614},
  url = {https://www.researchgate.net/publication/387028328_Optimizing_DevOps_Pipelines_with_Automation_Ansible_and_Terraform_in_AWS_Environments},
}

@thesis{lit-1,
  author = {Reza Faezi},
  title = {Transitioning from Terraform to OpenTofu: A Comparative Study and Migration Guide},
  address = {Metropolia University of Applied Sciences},
  year = {25 July 2024},
  school = {Metropolia University of Applied Sciences},
  type = {Bakalářská práce},
  urldate = {2025-02-16},
  url = {https://www.theseus.fi/handle/10024/872029},
}

@thesis{lit-2,
  author = {João Frois and Lucas Padrão and Johnatan Oliveira and Laerte Xavier and Cleiton Tavares},
  title = {Terraform and AWS CDK: A Comparative Analysis of Infrastructure Management Tools},
  address = {Belo Horizonte, MG, Brazil},
  year = {30/09/2024},
  school = {Pontifical Catholic University of Minas Gerais},
  type = {Comparative Analysis},
  urldate = {2025-02-16},
  url = {https://sol.sbc.org.br/index.php/sbes/article/view/30404},
}
